@book{LiRonghua,
	author = {Li Ronghua},
	title = {Numerical Methods for Partial Differential Equations},
	publisher = {Higher Education Press},
	year = {2010},
	pages = {38-63},
	edition = {2th}
}

@book{NA9e,
	author = {Richard L. Burden and J. Douglas Faires},
	title = {Numerical Analysis},
	publisher = {Cengage Learning},
	year = {2010},
	pages = {696-710},
	edition = {9th}
}

@article{chap5,	
	author = {Cornell University},
	title = {Chapter 5: Error Estimates for the Finite Element Method},
	year = {2002},
	pages = {4},
	url = {http://pi.math.cornell.edu/~demlow/425/chap5.pdf}
}