@book{Hiptmair,
	author = {Ralf Hiptmair},
	title = {Numerical Methods for Partial Differential Equations},
	year = {2021},
	url = {https://www.sam.math.ethz.ch/~grsam/NUMPDEFL/NUMPDE.pdf}
}

@book{UIFEM,
	title = {Understanding and Implementing the Finite Element Method},
	author = {Mark S. Gockenbach},
	chapter = {2.2.1-2.2.2},
	pages ={21-27},
	isbn = {0-89871-614-4},
	year = {2006},
	publisher = {Society for Industrial and Applied Mathematics},
	keywords = {Finite Element Method},
	url = {https://1lib.us/book/656138/15c86e}
}

@book{LiRh,
	author = {Ronghua Li},
	title = {Numerical Methods for Partial Differential Equations},
	publisher = {Higher Education Press},
	year = {2010},
	edition = {2th}
}

@book{NA9e,
	author = {Richard L. Burden and J. Douglas Faires},
	title = {Numerical Analysis},
	publisher = {Cengage Learning},
	year = {2010},
	pages = {746},
	edition = {9th}
}

@article{FEMEA2005,	
	author = {Thomas Gr\"{a}tsch and Klaus-J\"{u}rgen Bathe},
	title = {A posteriori error estimation techniques in practical finite 		
				element analysis},
	journal = {Computers and Structures},
	volume = {83}, 
	pages = {235-265},
	year = {2005},
	doi = {10.1016/j.compstruc.2004.08.011}
}

@article{Gmsh,	
	author = {C. Geuzaine and J.-F. Remacle},
	title = {Gmsh: a three-dimensional finite element mesh generator with 
	built-in pre- and post-processing facilities},
	journal = {International Journal for Numerical Methods in Engineering},
	volume = {79}, 
	issue = {11},
	pages = {1309-1331},
	year = {2009},
	url = {http://gmsh.info/doc/preprints/gmsh_paper_preprint.pdf}
}

@article{TCMT,	
	author = {M. J. Turner and R. W. Clough and H. C. Martin and L. J. Topp},
	title = {Stiffness and deflection of complex structures},
	journal = {Journal of the Aeronautical Sciences},
	volume = {23},
	pages = {805-824},
	year = {1956}
}

@article{Netkar++,	
	author = {C.D. Cantwella and D. Moxeya and A. Comerforda and A. Bolisa},
	title = {Nektar++: An open-source spectral/hp element framework},
	journal = {Computer Physics Communications},
	volume = {192},
	pages = {205-219},
	year = {2015},
	doi = {10.1016/j.cpc.2015.02.008}
}

@article{WG2013,	
	author = {Junping Wang and Xiu Ye},
	title = {A weak Galerkin finite element method for second-order 
				elliptic problems},
	journal = {Journal of Computational and Applied Mathematics},
	volume = {241},
	pages = {103-115},
	year = {2013},
	doi = {10.1016/j.cam.2012.10.003}
}

@article{WG2015,	
	author = {Junping Wang and Xiu Ye},
	title = {A weak Galerkin finite element method with polynomial reduction},
	journal = {Journal of Computational and Applied Mathematics},
	volume = {285},
	pages = {45-58},
	year = {2015},
	doi = {10.1016/j.cam.2015.02.001}
}

@article{WGmixed2014,
	author = {Junping Wang and Xiu Ye},
	title = {A weak Galerkin mixed finite element method for second-order 
				elliptic problems},
	journal = {Mathematics of Computation},
	volume = {83},
	number = {289},
	pages = {2101-2126},
	year = {2014},
	url = {https://arxiv.org/abs/1202.3655}
}

@article{WG2012,
	author = {Lin Mu and Junping Wang and Yanqiu Wang and Xiu Ye},
	title = {A COMPUTATIONAL STUDY OF THE WEAK GALERKINMETHOD FOR SECOND-ORDER 
				ELLIPTIC EQUATIONS},
	year = {2012},
	url = {https://arxiv.org/abs/1111.0618}
}

